@book{wasserman2006all,
  title={All of nonparametric statistics},
  author={Wasserman, Larry},
  year={2006},
  publisher={Springer Science \& Business Media}
}

@article{frolich2006non,
  title={Non-parametric regression for binary dependent variables},
  author={Fr{\"o}lich, Markus},
  journal={The Econometrics Journal},
  volume={9},
  number={3},
  pages={511--540},
  year={2006},
  publisher={Wiley Online Library}
}