@inproceedings{sutton2005joint,
  title={Joint parsing and semantic role labeling},
  author={Sutton, Charles and McCallum, Andrew},
  booktitle={Proceedings of the Ninth Conference on Computational Natural Language Learning},
  pages={225--228},
  year={2005},
  organization={Association for Computational Linguistics}
}

@inproceedings{wellner2004integrated,
  title={An integrated, conditional model of information extraction and coreference with application to citation matching},
  author={Wellner, Ben and McCallum, Andrew and Peng, Fuchun and Hay, Michael},
  booktitle={Proceedings of the 20th conference on Uncertainty in artificial intelligence},
  pages={593--601},
  year={2004},
  organization={AUAI Press}
}

@inproceedings{finkel2006solving,
  title={Solving the problem of cascading errors: Approximate Bayesian inference for linguistic annotation pipelines},
  author={Finkel, Jenny Rose and Manning, Christopher D and Ng, Andrew Y},
  booktitle={Proceedings of the 2006 Conference on Empirical Methods in Natural Language Processing},
  pages={618--626},
  year={2006},
  organization={Association for Computational Linguistics}
}

@article{degroot1983comparison,
  title={The comparison and evaluation of forecasters},
  author={DeGroot, Morris H and Fienberg, Stephen E},
  journal={The statistician},
  pages={12--22},
  year={1983},
  publisher={JSTOR}
}

@book{wasserman2006all,
  title={All of nonparametric statistics},
  author={Wasserman, Larry},
  year={2006},
  publisher={Springer Science \& Business Media}
}

@article{davis2007adaptive,
  title={Adaptive binning: An improved binning method for metabolomics data using the undecimated wavelet transform},
  author={Davis, Richard A and Charlton, Adrian J and Godward, John and Jones, Stephen A and Harrison, Mark and Wilson, Julie C},
  journal={Chemometrics and intelligent laboratory systems},
  volume={85},
  number={1},
  pages={144--154},
  year={2007},
  publisher={Elsevier}
}

@article{leow2004analysis,
  title={The analysis and applications of adaptive-binning color histograms},
  author={Leow, Wee Kheng and Li, Rui},
  journal={Computer Vision and Image Understanding},
  volume={94},
  number={1},
  pages={67--91},
  year={2004},
  publisher={Elsevier}
}

@article{frolich2006non,
  title={Non-parametric regression for binary dependent variables},
  author={Fr{\"o}lich, Markus},
  journal={The Econometrics Journal},
  volume={9},
  number={3},
  pages={511--540},
  year={2006},
  publisher={Wiley Online Library}
}

@article{draper1995assessment,
  title={Assessment and propagation of model uncertainty},
  author={Draper, David},
  journal={Journal of the Royal Statistical Society. Series B (Methodological)},
  pages={45--97},
  year={1995},
  publisher={JSTOR}
}




